@misc{gc0,
    author = "Unknown Author",
    title = "GC Algorithms: Basics",
    url  = "https://plumbr.io/handbook/garbage-collection-algorithms",
    addendum = "(accessed: 11.28.2019)",
    year = "2019"
}
@misc{javaworld,
    author = "Eva Andreasson",
    title = "JVM Performance Optimization",
    url  = "https://www.javaworld.com/article/2078645/jvm-performance-optimization-part-3-garbage-collection.html",
    addendum = "(accessed: 11.28.2019)",
    year = "2019"
}
@misc{medium,
    author = "Mohanesh Sridharan",
    title = "Garbage Collection vs Automatic Reference Counting",
    url  = "https://medium.com/computed-comparisons/garbage-collection-vs-automatic-reference-counting-a420bd4c7c81",
    addendum = "(accessed: 11.29.2019)",
    year = "2019"
}
@misc{latency,
    author = "Maira Wenzel",
    title = "Latency Modes",
    url  = "https://docs.microsoft.com/en-us/dotnet/standard/garbage-collection/latency",
    addendum = "(accessed: 12.02.2019)",
    year = "2019"
}

